@manual{sample,
  author = {TU Dortmund},
  title = {RÃ¶ntgenreflektrometrie - V65},
  urldate = {2019-04-03}
}

@online{wiki_strahl,
  url={https://de.wikipedia.org/wiki/Gau%C3%9F-Strahl},
  title = {Gauss-Strahl},
  urldate = {2019-04-03}
}
