@manual{sample,
  author = {TU Dortmund},
  title = {Versuch V61: Der HeNe-Laser},
  year = 2018
}
