@manual{sample,
  author = {TU Dortmund},
  title = {Anleitung zum Versuch V-59},
  year = 2018
}
