@manual{V60,
  author = {Physikalisches Praktikum - TU Dortmund},
  title = {Diode Laser Physics},
  month = {january},
  year = {2019}
}


@manual{V61,
  author = {Physikalisches Praktikum - TU Dortmund},
  title = {Der HeNe-Laser},
  month = {january},
  year = {2019}
}

@online{sparkfun,
  url = {https://learn.sparkfun.com/tutorials/diodes/real-diode-characteristics},
  month = {january},
  year = {2019}
}

@online{wiki_diode,
  url = {https://en.wikipedia.org/wiki/P%E2%80%93n_junction},
  month = {january},
  year = {2019}
}
