@manual{sample,
author = {Physikalisches Praktikum},
  title = {Modulation und Demodulation elektrischer Schwingungen V-59},
  year = 2018,
  month = 7,
  day = 19,
  organization ={TU Dortmund},
}
