@online{sample,
  author = {TU Dortmund},
  title = {Anleitung zum Versuch V41 - Debye-Scherrer-Aufnahmen},
  url = {http://129.217.224.2/HOMEPAGE/PHYSIKER/MASTER/SKRIPT/V41.pdf},
  date = "2018-05-28"
}

@article{kittel,
  title={Introduction to solid state physics},
  author={Kittel, Charles},
  year={1953},
  publisher={Wiley}
}

@article{cscl,
  title={
Theoretische Festk√∂rperphysik Band 1: Grundlagen: Phononen und Elektronen in Kristallen},
  author={Czycholl,Gerd},
  year={2015},
  publisher={Springer-Verlag}
}


@book{LiI,
  title={Solid state chemistry and its applications},
  author={West, Anthony R},
  year={2014},
  publisher={John Wiley \& Sons}
}
