@manual{sample,
  author = {TU Dortmund},
  title = {Temperaturabhängigkeit der Molwärme von
Festkörpern},
  year = 2018
}
