@manual{sample,
  author = {TU Dortmund},
  title = {Versuchsanleitung zu V49},
  year = 2018
}

@article{litwerte,
  title={Spin echo studies on cellular water},
  author={Chang, DC and Hazlewood, CF and Nichols, BL and Rorschach, HE},
  journal={arXiv preprint arXiv:1412.6003},
  year={2014}
}

@online{litvisk,
  url={http://www.chemie.de/lexikon/Viskosit%C3%A4t.html},
  date={2018-06-28}
}
